@article{simoes2020,
  title={\textbf{Uma Abordagem H{\'i}brida Para Planejamento de Rotas e Controle de Navega{\c{c}}{\~a}o de Deficientes Visuais em Ambientes indoor}. 2020.},
  author={Sim{\~o}es, Walter Charles Sousa Seiffert},
  journal={\normalfont Tese (Doutorado em Inform{\'a}tica) -- Universidade Federal do Amazonas},
  year={2020},
  address={Amazonas, AM}
}

@article{tatsch2019,
  title={\textbf{Localiza{\c{c}}{\~a}o \textit{indoor} utilizando \textit{Bluetooth Low Energy} e aprendizado de m{\'a}quina}. 2019.},
  author={Tatsch, Daniel Trevisan},
  journal={\normalfont Monografia (Curso de Engenharia de Telecomunica{\c{c}}{\~o}es) -- Instituto Federal de Santa Catarina},
  year={2019},
  address={S{\~a}o Jos{\'e}, SC}
}

@article{mittelstadt2018,
  title={\textbf{BLUEPATH}: Sistema de Localiza{\c{c}}{\~a}o \textit{indoor}. 2018.},
  author={Mittelstadt, Raul Silverio},
  journal={\normalfont Monografia (Curso de Engenharia de Computa{\c{c}}{\~a}o) -- Universidade do Vale do Taquari - UNIVATES},
  year={2018},
  address={Lajeado, RS}
}

@article{reck2016,
  title={\textbf{Beacons BLE - BLUETOOTH LOW ENERGY - Design e An{\'a}lise de um sistema de localiza{\c{c}}{\~a}o \textit{indoor}}. 2016.},
  author={Reck, Marcelo Sala},
  journal={\normalfont Monografia (Curso de Engenharia de Controle e Automa{\c{c}}{\~a}o) -- Universidade de Caxias do Sul - USC},
  year={2016},
  address={Caxias do Sul, RS}
}

@article{barros2016,
  title={\textbf{Proposta de T{\'e}cnica de Localiza{\c{c}}{\~a}o Interna para dispositivos m{\'o}veis utilizando redes locais sem fio}. 2016.},
  author={Barros, Ant{\^o}nio Carlos Genn De Assun{\c{c}}{\~a}o},
  journal={\normalfont Disserta{\c{c}}{\~a}o de Mestrado (Mestrado em Ci{\^e}cia da Computa{\c{c}}{\~a}o) -- Universidade Federal de Pernambuco},
  year={2016},
  address={Recife, PE}
}

@article{oliveira2017,
  title={\textbf{Localiza{\c{c}}{\~a}o \textit{indoor} utilizando a tecnologia LoRaWAN e aprendizado de m{\'a}quina}. 2017.},
  author={Oliveira, Giulio Cruz De},
  journal={\normalfont Monografia (Curso de Engenharia de Telecomunica{\c{c}}{\~o}es) -- Instituto Federal de Santa Catarina - IFSC},
  year={2017},
  address={S{\~a}o Jos{\'e}, SC}
}

@article{berz2015,
  title={\textbf{Sistema H{\'i}brido de localiza{\c{c}}{\~a}o \textit{indoor} baseado em RFID e an{\'a}lise visual}. 2015.},
  author={Berz, Everton Lu{\'i}s},
  journal={\normalfont Tese (Doutorado em Ci{\^e}ncia da Computa{\c{c}}{\~a}o) -- Pontif{\'i}cia Universidade Cat{\'o}lica do Rio Grande do Sul},
  year={2015},
  address={Porto Alegre, RS}
}

@article{oliveira2021,
  title={\textbf{Localiza{\c{c}}{\~a}o 3D em ambientes internos com Redes bluetooth low energy utilizando t{\'e}cnicas de aprendizando de m{\'a}quina}. 2021.},
  author={Oliveira, Alexandre Felipe De},
  journal={\normalfont Disserta{\c{c}}{\~a}o de Mestrado (Mestrado em Engenharia El{\'e}trica) -- Universidade Estadual Paulista},
  year={2021},
  address={Sorocaba, SP}
}

@article{khalel2010,
  title={\textbf{Position Location Techniques in Wireless Communication Systems}. 2010.},
  author={Khalel, Ayad M H},
  journal={\normalfont Master Thesis (Electrical Engineering Emphasis on Telecommunications) -- School of Engineering Blekinge Institute of Technology},
  year={2010},
  address={Karlskrona, Sweden}
}

@book{rappaport2008,
  title={\normalfont \textbf{Comunica{\c{c}}{\~o}es sem fio}: princ{\'i}pios e pr{\'a}ticas. 2. ed.},
  author={Rappaport, Theodore S},
  address={SÃ£o Paulo},
  year={2008},
  publisher={Pearson Education}
}

@book{lantz2013,
  title={\normalfont \textbf{Machine Learning with R}.},
  author={Lantz, Brett},
  address={Birmingham},
  year={2013},
  publisher={Packt Publishing Ltd}
}

@article{sun2017,
  title={\normalfont{Human Localization Using Multi-Source Heterogeneous Data in indoor Environments}.},
  author={Sun, Yongliang and Meng, Weixiao and Li, Cheng and Zhao, Nan and Zhao, Kanglian and Zhang, Naitong},
  journal={\normalfont \textbf{IEEE Access}, China},
  year={2017},
  address={v. 5, p. 812-822},
  url={https://ieeexplore.ieee.org/document/7812597},
  urlaccessdate={17 Jul. 2021}
}

@article{gadhgadhi2020,
  title={\normalfont{A Machine Learning based Indoor Localization}.},
  author={Gadhgadhi, Achref and Hachaichi, Yassine and Zairi, Hassen},
  journal={\normalfont \textbf{4th International Conference on Advanced Systems and Electric Technologies - IC{\_}ASET}, Tunisia},
  year={2020},
  address={p. 33-38},
  url={https://ieeexplore.ieee.org/document/9318284},
  urlaccessdate={17 jul. 2021}
}

@article{yi2018,
  title={\normalfont{An Adaptive Wi-Fi Trilateration-based indoor Localization}.},
  author={Yi, Gan Heng and Djaswadi, Gunawan Witjaksono Bin and Khir, Mohd Haris Bin Md and Ramli, Nordin},
  journal={\normalfont \textbf{International Conference on Intelligent and Advanced System - ICIAS}, Kuala Lumpur, Malaysia, n. 7},
  year={2018},
  address={p. 1-6}
}

@article{moreira2017,
  title={\normalfont{Posicionamento em Ambientes Internos com Dispositivos Wi-Fi de Baixo Custo}.},
  author={Moreira, Fabricio M and Farias, Marcos S and Carvalho, Paulo Vitor R},
  journal={\normalfont \textbf{International Nuclear Atlantic Conference - INAC}, Belo Horizonte, MG, n. 13},
  year={2017},
  address={p. 22-27}
}

@article{kaczmarek2016,
  title={\normalfont{Accuracy analysis of the RSSI BLE Sensor Tag signal for indoor localization purposes}.},
  author={Kaczmarek, M and Ruminski, J and Bujnowski, A},
  journal={\normalfont \textbf{Federated Conference on Computer Science and Information Systems - FedCSIS}, Gdanshk, v. 8},
  year={2016},
  address={p. 1413-1416}
}

@article{weerasinghe2019,
  title={\normalfont{Towards IoT; Comparison of RSS based indoor localization using supervised learning and trilateration in WSN}.},
  author={Weerasinghe, Y S P and Dissanayake, M B},
  journal={\normalfont \textbf{International Conference on Industrial an Information Systems - ICIISS}, Perandeniy, Sri Lanka},
  year={2019},
  address={p. 290-295}
}

@article{mari2018,
  title={\normalfont{A hybrid trilateration and fingerprinting approach for indoor localization base on wifi}.},
  author={Mari, Sher Khan and Kiong, Loo Chu and Loong Hew Kim},
  journal={\normalfont \textbf{Fourth International Conference on Advances in Computing, Comunication Automation - ICACCA}, Subang Jaya},
  year={2018},
  address={p. 1-6}
}

@article{sadowski2018,
  title={\normalfont{RSSI-Based Indoor Localization With the Internet of Things}.},
  author={Sadowski, Sebastian and Spachos, Petros},
  journal={\normalfont \textbf{IEEE Access}, Canada, v. 6},
  year={2018},
  address={p. 30149-30161}
}

@article{nasteski2017,
  title={\normalfont{An overview of the supervised machine learning}.},
  author={Nasteski, Vladimir},
  journal={\normalfont \textbf{Horizons}, Bitola, v. 4},
  year={2017},
  address={p. 51-62}
}

@article{lima2020,
  title={\normalfont{Tecnologias Assistivas de Orienta{\c{c}}{\~a}o e Mobilidade para PCDV: Uma Revis{\~a}o Sistem{\'a}tica da Literatura Brasileira}.},
  author={Lima, Sidney Jos{\'e} Rodrigues and Sousa, Leonardo Alves and Silva, Francisca Cynthia Moreira da and Mendes, Lucas Ferreira},
  journal={\normalfont \textbf{Conte{\'u}do Conceitual e Aspectos Pr{\'a}ticos da Ci{\^e}ncia da Computa{\c{c}}{\~a}o}, Ponte Grossa, ed. 1},
  year={2020},
  address={p. 264-278}
}

@article{aravera2021,
  title={\normalfont{Desenvolvimento de aplicativo para aux{\'i}lio {\`a} navega{\c{c}}{\~a}o em ambientes internos}.},
  author={Aravena, Carolina Aguilar and Delazari, Luciene Stamato},
  journal={\normalfont \textbf{Revista Brasileira de Cartografia}, [\textit{s. l.}], v. 73, n. 2},
  year={2021},
  address={p. 530-541}
}

@article{krause2018,
  title={\textbf{Sistemas de Localiza{\c{c}}{\~a}o}:  \normalfont{Explorando a IPS - Beacons}. 2018.},
  author={Krause, Djonathan Rafael},
  journal={\normalfont Monografia (Curso de Ci{\^e}cia da Computa{\c{c}}{\~a}o) -- Universidade Regional de Blumenau - FURB},
  year={2018},
  address={Blumenau, SC}
}

@article{mendes2021,
  title={\normalfont{An{\'a}lise da Aplica{\c{c}}{\~a}o da T{\'e}cnica de Trilatera{\c{c}}{\~a}o em Redes de Sensores Wi-Fi para Localiza{\c{c}}{\~a}o em Ambientes Indoor}.},
  author={Mendes, Lucas Ferreira and Lima, Sidney Jos{\'e} Rodrigues and Coutinho, Emanuel F},
  journal={\normalfont \textbf{XXXIX Simp{\'o}sio Brasileiro de Telecomunica{\c{c}}{\~o}e e Processamento de Sinais}, Fortaleza, CE},
  year={2021}
}

@article{maduranga2014,
	title={\normalfont{RFID Localization Estimation Techniques for Indoor Environment}},
	author={Maduranga, M. W. P. and Taparugssanagorn, A.},
	journal={\normalfont \textbf{International research Conference Proceedings: Engineering (KDU IRC)}, Sri Lanka, p. 18-22},
	year={2014}
}

@article{shen2012,
	title={\normalfont{Accurate Passive Location Estimation Using TOA Measurements}},
	author={Shen, Junyang and Molisch, Andreas F. and Salmi, Jussi},
	journal={\normalfont \textbf{IEEE Transactions on Wireless Communications}, [\textit{s. l.}], v. 11, p. 2182-2192},
	year={2012}
}

@article{mainetti2014,
	title={\normalfont{A survey on indoor positioning systems}},
	author={Mainetti, Luca and Patrono, Luigi and Sergi, Ilaria},
	journal={\normalfont \textbf{22nd International Conference on Software, Telecommunications and Computer Networks (SoftCOM)}, Split, Croatia, p. 111-120},
	year={2014}
}

@article{nessa2020,
	title={\normalfont{A Survey of Machine Learning for Indoor Positioning}},
	author={Nessa, Ahasanun and Adhikari, Bhagawat and Hussain, Fatima and Fernando, Xavier N.},
	journal={\normalfont \textbf{IEEE Access}, Canada, p. 214945-214965},
	year={2020}
}